[{"e":"aggTrade","E":1692215307217,"s":"BTCUSDT","a":2688179164,"p":"29145.99000000","q":"0.00065000","f":3191713165,"l":3191713165,"T":1692215307217,"m":true,"M":true},
{"e":"aggTrade","E":1692215307346,"s":"BTCUSDT","a":2688179165,"p":"29145.99000000","q":"0.00343000","f":3191713166,"l":3191713166,"T":1692215307345,"m":true,"M":true},
{"e":"aggTrade","E":1692215310055,"s":"BTCUSDT","a":2688179166,"p":"29145.99000000","q":"0.01900000","f":3191713167,"l":3191713167,"T":1692215310055,"m":true,"M":true},
{"e":"aggTrade","E":1692215310150,"s":"BTCUSDT","a":2688179167,"p":"29145.99000000","q":"0.02707000","f":3191713168,"l":3191713168,"T":1692215310150,"m":true,"M":true},
{"e":"aggTrade","E":1692215312531,"s":"BTCUSDT","a":2688179168,"p":"29146.00000000","q":"0.01360000","f":3191713169,"l":3191713169,"T":1692215312531,"m":false,"M":true},
{"e":"aggTrade","E":1692215312659,"s":"BTCUSDT","a":2688179169,"p":"29146.00000000","q":"0.00233000","f":3191713170,"l":3191713170,"T":1692215312658,"m":false,"M":true},
{"e":"aggTrade","E":1692215314680,"s":"BTCUSDT","a":2688179170,"p":"29145.99000000","q":"0.01444000","f":3191713171,"l":3191713172,"T":1692215314679,"m":true,"M":true},
{"e":"aggTrade","E":1692215316110,"s":"BTCUSDT","a":2688179171,"p":"29146.00000000","q":"0.00163000","f":3191713173,"l":3191713173,"T":1692215316109,"m":false,"M":true},
{"e":"aggTrade","E":1692215316515,"s":"BTCUSDT","a":2688179172,"p":"29146.00000000","q":"0.30000000","f":3191713174,"l":3191713174,"T":1692215316515,"m":false,"M":true},
{"e":"aggTrade","E":1692215316551,"s":"BTCUSDT","a":2688179173,"p":"29145.99000000","q":"0.00220000","f":3191713175,"l":3191713175,"T":1692215316551,"m":true,"M":true},
{"e":"aggTrade","E":1692215316628,"s":"BTCUSDT","a":2688179174,"p":"29145.99000000","q":"0.01452000","f":3191713176,"l":3191713176,"T":1692215316627,"m":true,"M":true},
{"e":"aggTrade","E":1692215317123,"s":"BTCUSDT","a":2688179175,"p":"29146.00000000","q":"0.00260000","f":3191713177,"l":3191713177,"T":1692215317123,"m":false,"M":true},
{"e":"aggTrade","E":1692215318906,"s":"BTCUSDT","a":2688179176,"p":"29145.99000000","q":"0.01360000","f":3191713178,"l":3191713178,"T":1692215318906,"m":true,"M":true},
{"e":"aggTrade","E":1692215320156,"s":"BTCUSDT","a":2688179177,"p":"29145.99000000","q":"0.00274000","f":3191713179,"l":3191713179,"T":1692215320155,"m":true,"M":true},
{"e":"aggTrade","E":1692215320158,"s":"BTCUSDT","a":2688179178,"p":"29145.99000000","q":"0.00068000","f":3191713180,"l":3191713180,"T":1692215320157,"m":true,"M":true},
{"e":"aggTrade","E":1692215320770,"s":"BTCUSDT","a":2688179179,"p":"29145.99000000","q":"0.00121000","f":3191713181,"l":3191713181,"T":1692215320770,"m":true,"M":true},
{"e":"aggTrade","E":1692215320791,"s":"BTCUSDT","a":2688179180,"p":"29146.00000000","q":"0.00034000","f":3191713182,"l":3191713182,"T":1692215320790,"m":false,"M":true},
{"e":"aggTrade","E":1692215320965,"s":"BTCUSDT","a":2688179181,"p":"29145.99000000","q":"0.00160000","f":3191713183,"l":3191713183,"T":1692215320965,"m":true,"M":true},
{"e":"aggTrade","E":1692215320977,"s":"BTCUSDT","a":2688179182,"p":"29146.00000000","q":"0.00034000","f":3191713184,"l":3191713184,"T":1692215320976,"m":false,"M":true},
{"e":"aggTrade","E":1692215321113,"s":"BTCUSDT","a":2688179183,"p":"29146.00000000","q":"0.00052000","f":3191713185,"l":3191713185,"T":1692215321112,"m":false,"M":true},
{"e":"aggTrade","E":1692215321162,"s":"BTCUSDT","a":2688179184,"p":"29146.00000000","q":"0.00035000","f":3191713186,"l":3191713186,"T":1692215321161,"m":false,"M":true},
{"e":"aggTrade","E":1692215322225,"s":"BTCUSDT","a":2688179185,"p":"29145.99000000","q":"0.00083000","f":3191713187,"l":3191713187,"T":1692215322224,"m":true,"M":true},
{"e":"aggTrade","E":1692215322652,"s":"BTCUSDT","a":2688179186,"p":"29146.00000000","q":"0.00369000","f":3191713188,"l":3191713188,"T":1692215322651,"m":false,"M":true},
{"e":"aggTrade","E":1692215323420,"s":"BTCUSDT","a":2688179187,"p":"29145.99000000","q":"0.01088000","f":3191713189,"l":3191713189,"T":1692215323420,"m":true,"M":true},
{"e":"aggTrade","E":1692215324508,"s":"BTCUSDT","a":2688179188,"p":"29146.00000000","q":"0.61380000","f":3191713190,"l":3191713190,"T":1692215324507,"m":false,"M":true},
{"e":"aggTrade","E":1692215325426,"s":"BTCUSDT","a":2688179189,"p":"29146.00000000","q":"0.01360000","f":3191713191,"l":3191713191,"T":1692215325426,"m":false,"M":true},
{"e":"aggTrade","E":1692215325599,"s":"BTCUSDT","a":2688179190,"p":"29145.99000000","q":"0.00182000","f":3191713192,"l":3191713192,"T":1692215325599,"m":true,"M":true},
{"e":"aggTrade","E":1692215326299,"s":"BTCUSDT","a":2688179191,"p":"29145.99000000","q":"0.00127000","f":3191713193,"l":3191713193,"T":1692215326299,"m":true,"M":true},
{"e":"aggTrade","E":1692215326465,"s":"BTCUSDT","a":2688179192,"p":"29145.99000000","q":"0.01613000","f":3191713194,"l":3191713194,"T":1692215326465,"m":true,"M":true},
{"e":"aggTrade","E":1692215326565,"s":"BTCUSDT","a":2688179193,"p":"29145.99000000","q":"0.00959000","f":3191713195,"l":3191713195,"T":1692215326564,"m":true,"M":true},
{"e":"aggTrade","E":1692215326702,"s":"BTCUSDT","a":2688179194,"p":"29145.99000000","q":"0.00066000","f":3191713196,"l":3191713196,"T":1692215326702,"m":true,"M":true},
{"e":"aggTrade","E":1692215327186,"s":"BTCUSDT","a":2688179195,"p":"29146.00000000","q":"0.00044000","f":3191713197,"l":3191713197,"T":1692215327185,"m":false,"M":true},
{"e":"aggTrade","E":1692215327286,"s":"BTCUSDT","a":2688179196,"p":"29145.99000000","q":"0.00419000","f":3191713198,"l":3191713198,"T":1692215327285,"m":true,"M":true},
{"e":"aggTrade","E":1692215327493,"s":"BTCUSDT","a":2688179197,"p":"29146.00000000","q":"0.00190000","f":3191713199,"l":3191713199,"T":1692215327492,"m":false,"M":true},
{"e":"aggTrade","E":1692215327943,"s":"BTCUSDT","a":2688179198,"p":"29146.00000000","q":"0.00103000","f":3191713200,"l":3191713200,"T":1692215327942,"m":false,"M":true},
{"e":"aggTrade","E":1692215329079,"s":"BTCUSDT","a":2688179199,"p":"29145.99000000","q":"0.00861000","f":3191713201,"l":3191713201,"T":1692215329078,"m":true,"M":true},
{"e":"aggTrade","E":1692215329507,"s":"BTCUSDT","a":2688179200,"p":"29146.00000000","q":"0.09460000","f":3191713202,"l":3191713202,"T":1692215329507,"m":false,"M":true},
{"e":"aggTrade","E":1692215331196,"s":"BTCUSDT","a":2688179201,"p":"29146.00000000","q":"0.00064000","f":3191713203,"l":3191713203,"T":1692215331195,"m":false,"M":true},
{"e":"aggTrade","E":1692215331745,"s":"BTCUSDT","a":2688179202,"p":"29145.99000000","q":"0.01360000","f":3191713204,"l":3191713204,"T":1692215331744,"m":true,"M":true},
{"e":"aggTrade","E":1692215332454,"s":"BTCUSDT","a":2688179203,"p":"29146.00000000","q":"0.00217000","f":3191713205,"l":3191713205,"T":1692215332453,"m":false,"M":true},
{"e":"aggTrade","E":1692215332454,"s":"BTCUSDT","a":2688179204,"p":"29146.00000000","q":"0.00038000","f":3191713206,"l":3191713206,"T":1692215332453,"m":false,"M":true},
{"e":"aggTrade","E":1692215332559,"s":"BTCUSDT","a":2688179205,"p":"29145.99000000","q":"0.00269000","f":3191713207,"l":3191713207,"T":1692215332559,"m":true,"M":true},
{"e":"aggTrade","E":1692215333049,"s":"BTCUSDT","a":2688179206,"p":"29145.99000000","q":"0.00197000","f":3191713208,"l":3191713209,"T":1692215333048,"m":true,"M":true}]